% Scilab ( http://www.scilab.org/ ) - This file is part of Scilab
% Copyright (C) 2008-2010 - Digiteo - Michael Baudin
%
% This file must be used under the terms of the CeCILL.
% This source file is licensed as described in the file COPYING, which
% you should have received as part of this distribution.  The terms
% are also available at
% http://www.cecill.info/licences/Licence_CeCILL_V2-en.txt

@UNPUBLISHED{lectureIntroToProbastats,
   author = {Panchenko, Dmitry},
   title = {Introduction to Probability and Statistics},
   note = {Lectures notes taken by Anna Vetter.},
   publisher= {MIT Open Courseware},
   }

@book{introprobasGrinsteadSnell,
author = {Grinstead, M., Charles and Snell, Laurie, J.},
title = {Introduction to probabilities, Second Edition},
year = {1997},
publisher= {American Mathematical Society}}

@UNPUBLISHED{SebahGourdon2002,
   author = {Sebah, Pascal and Gourdon, Xavier},
   title = {Introduction to the Gamma Function}
   }


@book{AndrewsAskeyRoy1999,
author = {Andrews, George E. and Askey, Richard  and Roy, Ranjan},
title = {Special Functions},
year = {1999},
publisher= {Cambridge University Press, Cambridge}}


@book{artcomputerKnuthVol2,
author = {Knuth, D. E.},
title = {The Art of Computer Programming, Volume 2, Seminumerical Algorithms},
year = {1998},
publisher= {Third Edition, Addison Wesley, Reading, MA}}


@techreport{891980,
 author = {Malcolm,, Michael A. and Moler,, Cleve B.},
 title = {URAND: a universal random number generator.},
 year = {1973},
 source = {http://www.ncstrl.org:8900/ncstrl/servlet/search?formname=detail\&id=oai%3Ancstrlh%3Astan%3ASTAN%2F%2FCS-TR-73-334},
 publisher = {Stanford University},
 address = {Stanford, CA, USA},
 }


@book{Loeve1963,
author = {Lo\`eve, M.},
title = {Probability Theory I, 4th Edition},
year = {1963},
publisher= {Springer}
}


@book{Ross1987,
author = {Ross, Sheldon, M.},
title = {Introduction to probability and statistics for engineers and scientists},
year = {1987},
publisher= {John Wiley and Sons}
}


@book{montecarlomethodsHammersleyHandscomb,
author = {J. M. Hammersley and D. C. Handscomb},
title = {Monte Carlo Methods},
year = {1964},
publisher= {Chapman and Hall}}

 @misc{wiki:pokerprobas,
   author = "Wikipedia",
   title = "Poker probability --- Wikipedia{,} The Free Encyclopedia",
   year = "2009",
   url = "\url{http://en.wikipedia.org/w/index.php?title=Poker_probability&oldid=297485475}",
 }

@book{AbramowitzStegun1972,
author = {Abramowitz, M. and Stegun, I. A.},
title = {Handbook of Mathematical Functions with Formulas, Graphs, and Mathematical Tables},
year = {1972},
publisher= {Dover Publications Inc.}}


