#
# scilabstats.bib --
#

@book{scilabintro2007,
author = {J.-P. Chancelier and F. Delebecque and C. Gomez and M. Goursat and R. Nikoukhah and S. Steer},
title = {Introduction à Scilab},
year = {2007},
publisher= {Springer},
}

@UNPUBLISHED{scilabstats2001,
author = {Bernard Ycart},
title = {Démarrer en Scilab suivi de Statistiques en Scilab},
year = {2001},
note = {\url{http://ljk.imag.fr/membres/Bernard.Ycart/polys/demarre_scilab/node21.html}}
}

@book{artcomputerKnuthVol2,
author = {D. E. Knuth},
title = {The Art of Computer Programming, Volume 2, Seminumerical Algorithms},
year = {1998},
publisher= {Third Edition, Addison Wesley, Reading, MA},
}


@book{NumericalRecipes,
author = {W. H. Press and Saul A. Teukolsky and William T. Vetterling and Brian P. Flannery},
title = {Numerical Recipes in C, Second Edition},
year = {1992},
publisher= {}}

@book{Wonacott1990,
author = {T.H. Wonacott and R.J. Wonacott},
title = {Introductory statistics},
year = {1990},
publisher= {John Wiley and Sons, New York}}

@book{Saporta2006,
	author = {Saporta, Gilbert  },
	citeulike-article-id = {2795256},
	isbn = {2710808145},
	keywords = {2006, books, francais, my-books, probability-theory, statistics},
	month = {June},
	posted-at = {2008-05-13 16:02:22},
	priority = {2},
	publisher = {{Editions Technip}},
	title = {Probabilit\'{e}s, analyses des donn\'{e}es et statistiques},
	url = {http://www.amazon.de/exec/obidos/redirect?tag=citeulike01-21\&amp;path=ASIN/2710808145},
	year = {}
}

	
@article{Algorithm715,
 author = {Cody,, W. J.},
 title = {Algorithm 715: SPECFUN--a portable FORTRAN package of special function routines and test drivers},
 journal = {ACM Trans. Math. Softw.},
 volume = {19},
 number = {1},
 year = {1993},
 issn = {0098-3500},
 pages = {22--30},
 doi = {http://doi.acm.org/10.1145/151271.151273},
 publisher = {ACM},
 address = {New York, NY, USA},
 }


@Book{abramowitz+stegun1964,
  author =	 "Milton Abramowitz and Irene A. Stegun",
  title = 	 "Handbook of Mathematical Functions with Formulas, Graphs, and Mathematical Tables",
  publisher = 	 "Dover",
  year = 	 1964,
  address =	 "New York",
  edition =	 "ninth Dover printing, tenth GPO printing",
  isbn =        "0-486-61272-4"
}
@book{HartEtAl:1968,
	author = {Hart, John  F.  and Cheney, E. W.  and Lawson, Charles  L.  and Maehly, Hans  J.  and Mesztenyi, Charles  K.  and Rice, John  R.  and Thacher and Witzgall, Christoph  },
	citeulike-article-id = {2931998},
	keywords = {numerics, programming},
	posted-at = {2008-06-26 20:34:54},
	priority = {2},
	publisher = {John wiley \& Sons},
	series = {SIAM Series on Applied Mathematics},
	title = {Computer Approximations},
	year = {1968}
}

@book{Kennedy1980,
	author = {Kennedy, William J. and James E. Gentle},
	publisher = {Marcel Dekker, Inc., New York},
	title = {Statistical Computing},
	year = {1980}
}
@article{Algo708,
 author = {Didonato,, Armido R. and Morris,Jr., Alfred H.},
 title = {Algorithm 708: Significant digit computation of the incomplete beta function ratios},
 journal = {ACM Trans. Math. Softw.},
 volume = {18},
 number = {3},
 year = {1992},
 issn = {0098-3500},
 pages = {360--373},
 doi = {http://doi.acm.org/10.1145/131766.131776},
 publisher = {ACM},
 address = {New York, NY, USA},
 }
@article{DiDonato1986,
 author = {DiDonato,, Armido R and Morris,Jr., Alfred H},
 title = {Computation of the incomplete gamma function ratios and their inverse},
 journal = {ACM Trans. Math. Softw.},
 volume = {12},
 number = {4},
 year = {1986},
 issn = {0098-3500},
 pages = {377--393},
 doi = {http://doi.acm.org/10.1145/22721.23109},
 publisher = {ACM},
 address = {New York, NY, USA},
 }

@article{Ahrens1972,
 author = {Ahrens,, J. H. and Dieter,, U.},
 title = {Computer methods for sampling from the exponential and normal distributions},
 journal = {Commun. ACM},
 volume = {15},
 number = {10},
 year = {1972},
 issn = {0001-0782},
 pages = {873--882},
 doi = {http://doi.acm.org/10.1145/355604.361593},
 publisher = {ACM},
 address = {New York, NY, USA},
 }
@article{358390,
 author = {Ahrens,, J. H. and Dieter,, U.},
 title = {Generating gamma variates by a modified rejection technique},
 journal = {Commun. ACM},
 volume = {25},
 number = {1},
 year = {1982},
 issn = {0001-0782},
 pages = {47--54},
 doi = {http://doi.acm.org/10.1145/358315.358390},
 publisher = {ACM},
 address = {New York, NY, USA},
 }
@MISC{Devroye86non-uniformrandom,
    author = {Luc Devroye},
    title = {Non-Uniform Random Variate Generation},
    year = {1986},
    note={\url{http://cg.scs.carleton.ca/~luc/rnbookindex.html}}
}

@article{AhrensDieter1973,
     jstor_articletype = {primary_article},
     title = {Extensions of Forsythe's Method for Random Sampling from the Normal Distribution},
     author = {Ahrens, J. H. and Dieter, U.},
     journal = {Mathematics of Computation},
     jstor_issuetitle = {},
     volume = {27},
     number = {124},
     jstor_formatteddate = {Oct., 1973},
     pages = {927--937},
     url = {http://www.jstor.org/stable/2005527},
     ISSN = {00255718},
     abstract = {This article is an expansion of G. E. Forsythe's paper "Von Neumann's comparison method for random sampling from the normal and other distributions" [5]. It is shown that Forsythe's method for the normal distribution can be adjusted so that the average number $\bar N$ of uniform deviates required drops to 2.53947 in spite of a shorter program. In a further series of algorithms, $\bar N$ is reduced to values close to 1 at the expense of larger tables. Extensive computational experience is reported which indicates that the new methods compare extremely well with known sampling algorithms for the normal distribution.},
     publisher = {American Mathematical Society},
     language = {},
     copyright = {Copyright © 1973 American Mathematical Society},
     year = {1973},
    }


