% Copyright (C) 2008-2010 - Consortium Scilab - Digiteo - Michael Baudin
%
% This file must be used under the terms of the 
% Creative Commons Attribution-ShareAlike 3.0 Unported License :
% http://creativecommons.org/licenses/by-sa/3.0/

@UNPUBLISHED{WWWScilab,
   title = {Scilab},
   author = {The Scilab Consortium},
   note = {\url{http://www.scilab.org}}
   }
@MISC{CecillLicence,
    title = {Cecill and Free Software},
    note = {\url{http://www.cecill.info}}
}
@MISC{IntelMKLWWW,
    author = {Intel},
    title = {Intel Math Kernel Library},
    note={\url{http://software.intel.com/en-us/intel-mkl/}}
}
@MISC{AtlasWWW,
    title = {ATLAS - Automatically Tuned Linear Algebra Software},
    note = {\url{http://math-atlas.sourceforge.net}}
}
@MISC{FlexdockWWW,
    author = {Flexdock project},
    title = {Flexdock project home},
    note={\url{https://flexdock.dev.java.net/}}
}
@MISC{WikiNwniWWW,
    title = {Different execution modes of Scilab},
    author = {Ledru, Sylvestre},
    note = {\url{http://wiki.scilab.org/Different_execution_modes_of_Scilab}}
}

